
@book{nielsen_chuang_2010, place={Cambridge}, title={Quantum Computation and Quantum Information: 10th Anniversary Edition}, DOI={10.1017/CBO9780511976667}, publisher={Cambridge University Press}, author={Nielsen, Michael A. and Chuang, Isaac L.}, year={2010}}

@inproceedings{Kuppam_2018,
doi = {10.5220/0006834500750082},
url = {https://doi.org/10.5220%2F0006834500750082},  
year = 2018,
publisher = {{SCITEPRESS} - Science and Technology Publications},  
author = {Satya Kuppam},  
title = {Modelling of Quantum Key Distribution Protocols in Communicating Quantum Processes Language with Verification and Analysis in {PRISM}}, 
booktitle = {Proceedings of 8th International Conference on Simulation and Modeling Methodologies, Technologies and Applications}
}

@phdthesis{papanikolaou2004techniques,
  title={Techniques for design and validation of quantum protocols},
  author={Papanikolaou, Nikolaos K},
  year={2004},
  school={University of Warwick. Department of Computer Science}
}

@article{article,
author = {Elboukhari, Mohamed and Azizi, Mostafa and Azizi, Abdelmalek},
year = {2010},
month = {10},
pages = {},
title = {Verification of Quantum Cryptography Protocols by Model Checking},
volume = {2},
journal = {International Journal of Network Security and Its Applications},
doi = {10.5121/ijnsa.2010.2404}
}
